% All bibliography goes here
% Note: you have to compile with BibTex before your references (\cite{key}) will work.


@misc{wikimotor,
Howpublished={\url{http://en.wikipedia.org/wiki/Electric_motor}},
Title={Electric Motor}
}

@misc{hough2, 
Author = {AIShack},
Howpublished={\url{http://www.aishack.in/2010/03/the-hough-transform/}},
Title={Hough circle detection}
}